% Generated by Paperpile. Check out http://paperpile.com for more information.
% BibTeX export options can be customized via Settings -> BibTeX.

@ARTICLE{Merbitz2012-xz,
  title   = "{GIS-based} identification of spatial variables enhancing heat and
             poor air quality in urban areas",
  author  = "Merbitz, H and Buttst{\"a}dt, M and Michael, S and Dott, W and
             Schneider, C",
  journal = "Applied geography",
  volume  =  33,
  pages   = "94--106",
  month   =  apr,
  year    =  2012,
  issn    = "0143-6228",
  doi     = "10.1016/j.apgeog.2011.06.008"
}

@ARTICLE{Unger2004-ry,
  title   = "Intra-urban relationship between surface geometry and urban heat
             island: review and new approach",
  author  = "Unger, J",
  journal = "Climate Research",
  volume  =  27,
  pages   = "253--264",
  year    =  2004,
  issn    = "0936-577X, 1616-1572",
  doi     = "10.3354/cr027253"
}

@ARTICLE{Yuan2011-fs,
  title     = "Mitigating urban heat island effects in high-density cities
               based on sky view factor and urban morphological understanding:
               a study of Hong Kong",
  author    = "Yuan, Chao and Chen, Liang",
  journal   = "Architectural science review",
  publisher = "Taylor \& Francis",
  volume    =  54,
  number    =  4,
  pages     = "305--315",
  month     =  nov,
  year      =  2011,
  issn      = "0003-8628",
  doi       = "10.1080/00038628.2011.613644"
}

@ARTICLE{Wang2006-en,
  title   = "Estimation of evaporative fraction from a combination of day and
             night land surface temperatures and {NDVI}: A new method to
             determine the {Priestley--Taylor} parameter",
  author  = "Wang, Kaicun and Li, Zhanqing and Cribb, M",
  journal = "Remote sensing of environment",
  volume  =  102,
  number  =  3,
  pages   = "293--305",
  month   =  jun,
  year    =  2006,
  issn    = "0034-4257",
  doi     = "10.1016/j.rse.2006.02.007"
}

@ARTICLE{nhgis,
  title   = "IPUMS National Historical Geographic Information System: Version 13.0 [Database]",
  author  = "Manson, Steven and Schroeder, Jonathan and Van Riper, David and Ruggles Steven",
  journal = " Minneapolis: University of Minnesota.",
  volume  =  ,
  number  =  ,
  pages   = ,
  month   = ,
  year    =  2018,
  issn    = ,
  doi     = "10.18128/D050.V13.0"
}


@ARTICLE{Susca2011-za,
  title    = "Positive effects of vegetation: urban heat island and green roofs",
  author   = "Susca, T and Gaffin, S R and Dell'osso, G R",
  journal  = "Environmental pollution",
  volume   =  159,
  number   = "8-9",
  pages    = "2119--2126",
  month    =  aug,
  year     =  2011,
  language = "en",
  issn     = "0269-7491, 1873-6424",
  pmid     = "21481997",
  doi      = "10.1016/j.envpol.2011.03.007"
}

@ARTICLE{Nichol2005-mm,
  title   = "Remote Sensing of Urban Heat Islands by Day and Night",
  author  = "Nichol, Janet",
  journal = "Photogrammetric Engineering \& Remote Sensing",
  volume  =  71,
  number  =  5,
  pages   = "613--621",
  month   =  may,
  year    =  2005
}

@ARTICLE{Hung2006-qy,
  title   = "Assessment with satellite data of the urban heat island effects in
             Asian mega cities",
  author  = "Hung, Tran and Uchihama, Daisuke and Ochi, Shiro and Yasuoka,
             Yoshifumi",
  journal = "International Journal of Applied Earth Observation and
             Geoinformation",
  volume  =  8,
  number  =  1,
  pages   = "34--48",
  month   =  jan,
  year    =  2006,
  issn    = "0303-2434",
  doi     = "10.1016/j.jag.2005.05.003"
}

@ARTICLE{Guhathakurta2010-ib,
  title     = "Residential Land Use, the Urban Heat Island, and Water Use in
               Phoenix: A Path Analysis",
  author    = "Guhathakurta, Subhrajit and Gober, Patricia",
  journal   = "Journal of Planning Education and Research",
  publisher = "SAGE Publications Inc",
  volume    =  30,
  number    =  1,
  pages     = "40--51",
  month     =  sep,
  year      =  2010,
  issn      = "0739-456X",
  doi       = "10.1177/0739456X10374187"
}

@ARTICLE{Gober2009-im,
  title     = "Using Watered Landscapes to Manipulate Urban Heat Island
               Effects: How Much Water Will It Take to Cool Phoenix?",
  author    = "Gober, Patricia and Brazel, Anthony and Quay, Ray and Myint, Soe
               and Grossman-Clarke, Susanne and Miller, Adam and Rossi, Steve",
  journal   = "Journal of the American Planning Association. American Planning
               Association",
  publisher = "Routledge",
  volume    =  76,
  number    =  1,
  pages     = "109--121",
  month     =  dec,
  year      =  2009,
  issn      = "0194-4363",
  doi       = "10.1080/01944360903433113"
}

@ARTICLE{Li2016-bp,
  title     = "Potential and actual impacts of deforestation and afforestation
               on land surface temperature",
  author    = "Li, Y and Zhao, M and Mildrexler, D J and Motesharrei, S and Mu,
               Q and Kalnay, E and Zhao, F and Li, S and Wang, K",
  journal   = "Journal of geophysical research",
  publisher = "Wiley-Blackwell",
  volume    =  121,
  number    =  24,
  pages     = "14372--14386",
  year      =  2016,
  issn      = "0148-0227",
  doi       = "10.1002/2016JD024969"
}

@ARTICLE{Jimenez-Munoz2003-wc,
  title     = "A generalized single-channel method for retrieving land surface
               temperature from remote sensing data",
  author    = "Jim{\'e}nez-Mu{\~n}oz, Juan C and Sobrino, Jos{\'e} A",
  journal   = "Journal of Geophysical Research, D: Atmospheres",
  publisher = "Wiley Online Library",
  volume    =  108,
  number    = "D22",
  year      =  2003
}

@ARTICLE{Sharma2016-pk,
  title     = "Green and cool roofs to mitigate urban heat island effects in
               the Chicago metropolitan area: evaluation with a regional
               climate model",
  author    = "Sharma, A and Conry, P and Fernando, H J S and Hamlet, Alan F
               and Hellmann, J J and Chen, F",
  journal   = "Environmental research letters: ERL [Web site]",
  publisher = "IOP Publishing",
  volume    =  11,
  number    =  6,
  pages     = "064004",
  month     =  jun,
  year      =  2016,
  language  = "en",
  issn      = "1748-9326",
  doi       = "10.1088/1748-9326/11/6/064004"
}

@ARTICLE{Li2014-wi,
  title     = "The effectiveness of cool and green roofs as urban heat island
               mitigation strategies",
  author    = "Li, Dan and Bou-Zeid, Elie and Oppenheimer, Michael",
  journal   = "Environmental research letters: ERL [Web site]",
  publisher = "IOP Publishing",
  volume    =  9,
  number    =  5,
  pages     = "055002",
  month     =  may,
  year      =  2014,
  language  = "en",
  issn      = "1748-9326",
  doi       = "10.1088/1748-9326/9/5/055002"
}

@ARTICLE{Coffee2010-cj,
  title   = "Preparing for a changing climate: The Chicago climate action
             plan's adaptation strategy",
  author  = "Coffee, Joyce E and Parzen, Julia and Wagstaff, Mark and Lewis,
             Richard S",
  journal = "Journal of Great Lakes research",
  volume  =  36,
  pages   = "115--117",
  month   =  jan,
  year    =  2010,
  issn    = "0380-1330",
  doi     = "10.1016/j.jglr.2009.11.011"
}

@ARTICLE{Scott2018-ie,
  title     = "Reduced Urban Heat Island intensity under warmer conditions",
  author    = "Scott, Anna A and Waugh, Darryn W and Zaitchik, Ben F",
  journal   = "Environmental research letters: ERL [Web site]",
  publisher = "IOP Publishing",
  volume    =  13,
  number    =  6,
  pages     = "064003",
  month     =  may,
  year      =  2018,
  language  = "en",
  issn      = "1748-9326",
  doi       = "10.1088/1748-9326/aabd6c"
}

@ARTICLE{Kaplan_undated-kj,
  title  = "Urban Heat Island Analysis Using the Landsat 8",
  author = "Kaplan, Gordana and Avdan, Ugur and Avdan, Zehra Yigit",
  doi    = "10.3390/ecrs--05171"
}

@ARTICLE{Alhawiti2016-wv,
  title   = "{USING} {LANDSAT-8} {DATA} {TO} {EXPLORE} {THE} {CORRELATION}
             {BETWEEN} {URBAN} {HEAT} {ISLAND} {AND} {URBAN} {LAND} {USES}",
  author  = "Alhawiti, Rayan H and Mitsova, Diana",
  journal = "International Journal of Research in Engineering and Technology",
  volume  =  5,
  number  =  3,
  year    =  2016
}

@ARTICLE{Zha2003-bf,
  title     = "Use of normalized difference built-up index in automatically
               mapping urban areas from {TM} imagery",
  author    = "Zha, Y and Gao, J and Ni, S",
  journal   = "International journal of remote sensing",
  publisher = "Taylor \& Francis",
  volume    =  24,
  number    =  3,
  pages     = "583--594",
  month     =  jan,
  year      =  2003,
  issn      = "0143-1161",
  doi       = "10.1080/01431160304987"
}

@ARTICLE{Voogt2003-mm,
  title   = "Thermal remote sensing of urban climates",
  author  = "Voogt, J A and Oke, T R",
  journal = "Remote sensing of environment",
  volume  =  86,
  number  =  3,
  pages   = "370--384",
  month   =  aug,
  year    =  2003,
  issn    = "0034-4257",
  doi     = "10.1016/S0034-4257(03)00079-8"
}

@ARTICLE{Li2017-yl,
  title    = "The surface urban heat island response to urban expansion: A
              panel analysis for the conterminous United States",
  author   = "Li, Xiaoma and Zhou, Yuyu and Asrar, Ghassem R and Imhoff, Marc
              and Li, Xuecao",
  journal  = "The Science of the total environment",
  volume   = "605-606",
  pages    = "426--435",
  month    =  dec,
  year     =  2017,
  language = "en",
  issn     = "0048-9697, 1879-1026",
  pmid     = "28672231",
  doi      = "10.1016/j.scitotenv.2017.06.229"
}

@ARTICLE{Deng2013-xp,
  title   = "Examining the impacts of urban biophysical compositions on surface
             urban heat island: A spectral unmixing and thermal mixing approach",
  author  = "Deng, Chengbin and Wu, Changshan",
  journal = "Remote sensing of environment",
  volume  =  131,
  pages   = "262--274",
  month   =  apr,
  year    =  2013,
  issn    = "0034-4257",
  doi     = "10.1016/j.rse.2012.12.020"
}

@ARTICLE{Berger2017-lx,
  title   = "Spatio-temporal analysis of the relationship between {2D/3D} urban
             site characteristics and land surface temperature",
  author  = "Berger, C and Rosentreter, J and Voltersen, M and Baumgart, C and
             Schmullius, C and Hese, S",
  journal = "Remote sensing of environment",
  volume  =  193,
  pages   = "225--243",
  month   =  may,
  year    =  2017,
  issn    = "0034-4257",
  doi     = "10.1016/j.rse.2017.02.020"
}

@ARTICLE{Peng2018-cp,
  title   = "Seasonal contrast of the dominant factors for spatial distribution
             of land surface temperature in urban areas",
  author  = "Peng, Jian and Jia, Jinglei and Liu, Yanxu and Li, Huilei and Wu,
             Jiansheng",
  journal = "Remote sensing of environment",
  volume  =  215,
  pages   = "255--267",
  month   =  sep,
  year    =  2018,
  issn    = "0034-4257",
  doi     = "10.1016/j.rse.2018.06.010"
}

@ARTICLE{Li2013-ua,
  title   = "Satellite-derived land surface temperature: Current status and
             perspectives",
  author  = "Li, Zhao-Liang and Tang, Bo-Hui and Wu, Hua and Ren, Huazhong and
             Yan, Guangjian and Wan, Zhengming and Trigo, Isabel F and Sobrino,
             Jos{\'e} A",
  journal = "Remote sensing of environment",
  volume  =  131,
  pages   = "14--37",
  month   =  apr,
  year    =  2013,
  issn    = "0034-4257",
  doi     = "10.1016/j.rse.2012.12.008"
}

@ARTICLE{Grimm2008-ha,
  title     = "Global change and the ecology of cities",
  author    = "Grimm, Nancy B and Faeth, Stanley H and Golubiewski, Nancy E and
               Redman, Charles L and Wu, Jianguo and Bai, Xuemei and Briggs,
               John M",
  journal   = "Science",
  publisher = "science.sciencemag.org",
  volume    =  319,
  number    =  5864,
  pages     = "756--760",
  month     =  feb,
  year      =  2008,
  language  = "en",
  issn      = "0036-8075, 1095-9203",
  pmid      = "18258902",
  doi       = "10.1126/science.1150195"
}

@ARTICLE{Stone2010-te,
  title     = "Urban form and extreme heat events: are sprawling cities more
               vulnerable to climate change than compact cities?",
  author    = "Stone, Brian and Hess, Jeremy J and Frumkin, Howard",
  journal   = "Environmental health perspectives",
  publisher = "ncbi.nlm.nih.gov",
  volume    =  118,
  number    =  10,
  pages     = "1425--1428",
  month     =  oct,
  year      =  2010,
  language  = "en",
  issn      = "0091-6765, 1552-9924",
  pmid      = "21114000",
  doi       = "10.1289/ehp.0901879",
  pmc       = "PMC2957923"
}

@INCOLLECTION{Bhatta2010-pp,
  title     = "Causes and Consequences of Urban Growth and Sprawl",
  booktitle = "Analysis of Urban Growth and Sprawl from Remote Sensing Data",
  author    = "Bhatta, Basudeb",
  editor    = "Bhatta, Basudeb",
  publisher = "Springer Berlin Heidelberg",
  pages     = "17--36",
  year      =  2010,
  address   = "Berlin, Heidelberg",
  isbn      = "9783642052996",
  doi       = "10.1007/978-3-642-05299-6\_2"
}

@ARTICLE{Vahmani2016-ux,
  title     = "Impact of remotely sensed albedo and vegetation fraction on
               simulation of urban climate in {WRF-urban} canopy model: A case
               study of the urban heat island in Los Angeles",
  author    = "Vahmani, P and Ban-Weiss, G A",
  journal   = "Journal of Geophysical Research, D: Atmospheres",
  publisher = "Wiley Online Library",
  volume    =  121,
  number    =  4,
  pages     = "1511--1531",
  year      =  2016
}

@ARTICLE{Shih2017-pm,
  title     = "Investigating the nighttime urban heat island (Canopy Layer)
               using mobile transverse method: A case study of colon street in
               Cebu City, Philippines",
  author    = "Shih, Rowell Ray Lim and Kistelegdi, Istv{\'a}n",
  journal   = "Pollack Periodica",
  publisher = "Akad{\'e}miai Kiad{\'o}",
  volume    =  12,
  number    =  3,
  pages     = "109--116",
  month     =  dec,
  year      =  2017,
  issn      = "1788-1994",
  doi       = "10.1556/606.2017.12.3.10"
}

@ARTICLE{MacLachlan2017-iq,
  title     = "{Urbanisation-Induced} Land Cover Temperature Dynamics for
               Sustainable Future Urban Heat Island Mitigation",
  author    = "MacLachlan, Andrew and Biggs, Eloise and Roberts, Gareth and
               Boruff, Bryan",
  journal   = "Urban Science",
  publisher = "Multidisciplinary Digital Publishing Institute",
  volume    =  1,
  number    =  4,
  pages     = "38",
  month     =  dec,
  year      =  2017,
  language  = "en",
  doi       = "10.3390/urbansci1040038"
}

@ARTICLE{Sobstyl2018-wt,
  title     = "Role of City Texture in Urban Heat Islands at Nighttime",
  author    = "Sobstyl, J M and Emig, T and Qomi, M J Abdolhosseini and Ulm,
               F-J and Pellenq, R J-M",
  journal   = "Physical review letters",
  publisher = "APS",
  volume    =  120,
  number    =  10,
  pages     = "108701",
  month     =  mar,
  year      =  2018,
  language  = "en",
  issn      = "0031-9007, 1079-7114",
  pmid      = "29570321",
  doi       = "10.1103/PhysRevLett.120.108701"
}

@ARTICLE{Wang2017-vx,
  title     = "Thermodynamic characterisation of urban nocturnal cooling",
  author    = "Wang, Zhi-Hua and Li, Qi",
  journal   = "Heliyon",
  publisher = "heliyon.com",
  volume    =  3,
  number    =  4,
  pages     = "e00290",
  month     =  apr,
  year      =  2017,
  language  = "en",
  issn      = "2405-8440",
  pmid      = "28409187",
  doi       = "10.1016/j.heliyon.2017.e00290",
  pmc       = "PMC5382147"
}

@ARTICLE{Chun2017-mm,
  title     = "Daytime and nighttime urban heat islands statistical models for
               Atlanta",
  author    = "Chun, Bumseok and Guhathakurta, Subhrajit",
  journal   = "Environment and Planning B: Urban Analytics and City Science",
  publisher = "SAGE Publications Ltd STM",
  volume    =  44,
  number    =  2,
  pages     = "308--327",
  month     =  mar,
  year      =  2017,
  issn      = "2399-8083",
  doi       = "10.1177/0265813515624685"
}

@ARTICLE{Zhao2017-cc,
  title     = "Different Patterns in Daytime and Nighttime Thermal Effects of
               Urbanization in {Beijing-Tianjin-Hebei} Urban Agglomeration",
  author    = "Zhao, Guosong and Dong, Jinwei and Liu, Jiyuan and Zhai, Jun and
               Cui, Yaoping and He, Tian and Xiao, Xiangming",
  journal   = "Remote Sensing",
  publisher = "Multidisciplinary Digital Publishing Institute",
  volume    =  9,
  number    =  2,
  pages     = "121",
  month     =  feb,
  year      =  2017,
  language  = "en",
  doi       = "10.3390/rs9020121"
}

@ARTICLE{Shastri2017-ul,
  title     = "Flip flop of Day-night and {Summer-Winter} Surface Urban Heat
               Island Intensity in India",
  author    = "Shastri, Hiteshri and Barik, Beas and Ghosh, Subimal and
               Venkataraman, Chandra and Sadavarte, Pankaj",
  journal   = "Scientific reports",
  publisher = "nature.com",
  volume    =  7,
  pages     = "40178",
  month     =  jan,
  year      =  2017,
  language  = "en",
  issn      = "2045-2322",
  pmid      = "28067276",
  doi       = "10.1038/srep40178",
  pmc       = "PMC5220321"
}

@ARTICLE{Wang2016-gg,
  title     = "{Spatio-Temporal} Modeling of the Urban Heat Island in the
               Phoenix Metropolitan Area: Land Use Change Implications",
  author    = "Wang, Chuyuan and Myint, Soe W and Wang, Zhihua and Song, Jiyun",
  journal   = "Remote Sensing",
  publisher = "Multidisciplinary Digital Publishing Institute",
  volume    =  8,
  number    =  3,
  pages     = "185",
  month     =  feb,
  year      =  2016,
  language  = "en",
  doi       = "10.3390/rs8030185"
}

@ARTICLE{Alavipanah2015-zd,
  title     = "The Role of Vegetation in Mitigating Urban Land Surface
               Temperatures: A Case Study of Munich, Germany during the Warm
               Season",
  author    = "Alavipanah, Sadroddin and Wegmann, Martin and Qureshi, Salman
               and Weng, Qihao and Koellner, Thomas",
  journal   = "Sustainability: Science Practice and Policy",
  publisher = "Multidisciplinary Digital Publishing Institute",
  volume    =  7,
  number    =  4,
  pages     = "4689--4706",
  month     =  apr,
  year      =  2015,
  language  = "en",
  issn      = "1548-7733",
  doi       = "10.3390/su7044689"
}

@ARTICLE{Peng2012-iy,
  title    = "Surface urban heat island across 419 global big cities",
  author   = "Peng, Shushi and Piao, Shilong and Ciais, Philippe and
              Friedlingstein, Pierre and Ottle, Catherine and Br{\'e}on,
              Fran{\c c}ois-Marie and Nan, Huijuan and Zhou, Liming and Myneni,
              Ranga B",
  journal  = "Environmental science \& technology",
  volume   =  46,
  number   =  2,
  pages    = "696--703",
  month    =  jan,
  year     =  2012,
  language = "en",
  issn     = "0013-936X, 1520-5851",
  pmid     = "22142232",
  doi      = "10.1021/es2030438"
}

@ARTICLE{Zhou2014-wc,
  title     = "Surface urban heat island in China's 32 major cities: Spatial
               patterns and drivers",
  author    = "Zhou, Decheng and Zhao, Shuqing and Liu, Shuguang and Zhang,
               Liangxia and Zhu, Chao",
  journal   = "Remote sensing of environment",
  publisher = "Elsevier",
  volume    =  152,
  pages     = "51--61",
  month     =  sep,
  year      =  2014,
  issn      = "0034-4257",
  doi       = "10.1016/j.rse.2014.05.017"
}

@ARTICLE{Elmes2017-wp,
  title   = "Effects of urban tree canopy loss on land surface temperature
             magnitude and timing",
  author  = "Elmes, Arthur and Rogan, John and Williams, Christopher and
             Ratick, Samuel and Nowak, David and Martin, Deborah",
  journal = "ISPRS journal of photogrammetry and remote sensing: official
             publication of the International Society for Photogrammetry and
             Remote Sensing",
  volume  =  128,
  pages   = "338--353",
  month   =  jun,
  year    =  2017,
  issn    = "0924-2716",
  doi     = "10.1016/j.isprsjprs.2017.04.011"
}

@ARTICLE{Rogan2013-ru,
  title   = "The impact of tree cover loss on land surface temperature: A case
             study of central Massachusetts using Landsat Thematic Mapper
             thermal data",
  author  = "Rogan, John and Ziemer, Martha and Martin, Deborah and Ratick,
             Samuel and Cuba, Nicholas and DeLauer, Verna",
  journal = "Applied geography",
  volume  =  45,
  pages   = "49--57",
  month   =  dec,
  year    =  2013,
  issn    = "0143-6228",
  doi     = "10.1016/j.apgeog.2013.07.004"
}

@ARTICLE{Mathew2016-hp,
  title     = "Prediction of {Land-Surface} Temperatures of Jaipur City Using
               Linear Time Series Model",
  author    = "Mathew, A and Sreekumar, S and Khandelwal, S and {others}",
  journal   = "IEEE Journal of",
  publisher = "ieeexplore.ieee.org",
  year      =  2016
}

@ARTICLE{Stone2014-ga,
  title     = "Avoided heat-related mortality through climate adaptation
               strategies in three {US} cities",
  author    = "Stone, Jr, Brian and Vargo, Jason and Liu, Peng and Habeeb, Dana
               and DeLucia, Anthony and Trail, Marcus and Hu, Yongtao and
               Russell, Armistead",
  journal   = "PloS one",
  publisher = "journals.plos.org",
  volume    =  9,
  number    =  6,
  pages     = "e100852",
  month     =  jun,
  year      =  2014,
  language  = "en",
  issn      = "1932-6203",
  pmid      = "24964213",
  doi       = "10.1371/journal.pone.0100852",
  pmc       = "PMC4071007"
}

@ARTICLE{Bai2018-zk,
  title    = "Six research priorities for cities and climate change",
  author   = "Bai, Xuemei and Dawson, Richard J and {\"U}rge-Vorsatz, Diana and
              Delgado, Gian C and Salisu Barau, Aliyu and Dhakal, Shobhakar and
              Dodman, David and Leonardsen, Lykke and Masson-Delmotte,
              Val{\'e}rie and Roberts, Debra C and Schultz, Seth",
  journal  = "Nature",
  volume   =  555,
  number   =  7694,
  pages    = "23--25",
  month    =  mar,
  year     =  2018,
  language = "en",
  issn     = "0028-0836, 1476-4687",
  pmid     = "29493611",
  doi      = "10.1038/d41586-018-02409-z"
}

@ARTICLE{Scott2017-mz,
  title    = "Temperature and heat in informal settlements in Nairobi",
  author   = "Scott, Anna A and Misiani, Herbert and Okoth, Jerrim and Jordan,
              Asha and Gohlke, Julia and Ouma, Gilbert and Arrighi, Julie and
              Zaitchik, Ben F and Jjemba, Eddie and Verjee, Safia and Waugh,
              Darryn W",
  journal  = "PloS one",
  volume   =  12,
  number   =  11,
  pages    = "e0187300",
  month    =  nov,
  year     =  2017,
  language = "en",
  issn     = "1932-6203",
  pmid     = "29107977",
  doi      = "10.1371/journal.pone.0187300",
  pmc      = "PMC5673164"
}

@ARTICLE{Qin2001-jn,
  title     = "A mono-window algorithm for retrieving land surface temperature
               from Landsat {TM} data and its application to the {Israel-Egypt}
               border region",
  author    = "Qin, Z and Karnieli, A and Berliner, P",
  journal   = "International journal of remote sensing",
  publisher = "Taylor \& Francis",
  volume    =  22,
  number    =  18,
  pages     = "3719--3746",
  month     =  jan,
  year      =  2001,
  issn      = "0143-1161",
  doi       = "10.1080/01431160010006971"
}

@ARTICLE{Sahana2016-gm,
  title    = "Analyzing land surface temperature distribution in response to
              land use/land cover change using split window algorithm and
              spectral radiance model in Sundarban Biosphere Reserve, India",
  author   = "Sahana, Mehebub and Ahmed, Raihan and Sajjad, Haroon",
  volume   =  2,
  number   =  2,
  month    =  jun,
  year     =  2016,
  issn     = "2363-6203",
  doi      = "10.1007/s40808-016-0135-5"
}

@ARTICLE{Mora2017-vv,
  title     = "Global risk of deadly heat",
  author    = "Mora, Camilo and Dousset, B{\'e}n{\'e}dicte and Caldwell, Iain R
               and Powell, Farrah E and Geronimo, Rollan C and Bielecki, Coral
               R and Counsell, Chelsie W W and Dietrich, Bonnie S and Johnston,
               Emily T and Louis, Leo V and Lucas, Matthew P and McKenzie,
               Marie M and Shea, Alessandra G and Tseng, Han and Giambelluca,
               Thomas W and Leon, Lisa R and Hawkins, Ed and Trauernicht, Clay",
  journal   = "Nature climate change",
  publisher = "Nature Publishing Group",
  volume    =  7,
  pages     = "501",
  month     =  jun,
  year      =  2017,
  issn      = "1758-678X",
  doi       = "10.1038/nclimate3322"
}

@ARTICLE{Wicki2017-fv,
  title     = "Multiple Regression Analysis for Unmixing of Surface Temperature
               Data in an Urban Environment",
  author    = "Wicki, Andreas and Parlow, Eberhard",
  journal   = "Remote Sensing",
  publisher = "Multidisciplinary Digital Publishing Institute",
  volume    =  9,
  number    =  7,
  pages     = "684",
  month     =  jul,
  year      =  2017,
  language  = "en",
  doi       = "10.3390/rs9070684"
}

@ARTICLE{Echevarria_Icaza2016-fr,
  title     = "Using satellite imagery analysis to classify and redesign
               provincial parks for a better cooling effect on cities: The case
               study of South Holland",
  author    = "Echevarria Icaza, L and van den Dobbelsteen, Aajf and van der
               Hoeven, F D",
  journal   = "Research in Urbanism Series",
  publisher = "narcis.nl",
  volume    =  4,
  number    =  1,
  year      =  2016
}

@ARTICLE{Scott2016-lc,
  title     = "Intraurban Temperature Variability in Baltimore",
  author    = "Scott, Anna A and Zaitchik, Ben and Waugh, Darryn W and O'Meara,
               Katie",
  journal   = "Journal of Applied Meteorology and Climatology",
  publisher = "American Meteorological Society",
  volume    =  56,
  number    =  1,
  pages     = "159--171",
  month     =  oct,
  year      =  2016,
  issn      = "1558-8424",
  doi       = "10.1175/JAMC-D-16-0232.1"
}

@ARTICLE{Cil2017-fb,
  title    = "Potential Climate Change Health Risks from Increases in Heat
              Waves: Abnormal Birth Outcomes and Adverse Maternal Health
              Conditions",
  author   = "Cil, Gulcan and Cameron, Trudy Ann",
  journal  = "Risk analysis: an official publication of the Society for Risk
              Analysis",
  volume   =  37,
  number   =  11,
  pages    = "2066--2079",
  month    =  nov,
  year     =  2017,
  language = "en",
  issn     = "0272-4332, 1539-6924",
  pmid     = "28230268",
  doi      = "10.1111/risa.12767"
}

@ARTICLE{Maimaitiyiming2014-po,
  title     = "Effects of green space spatial pattern on land surface
               temperature: Implications for sustainable urban planning and
               climate change adaptation",
  author    = "Maimaitiyiming, Matthew and Ghulam, Abduwasit and Tiyip,
               Tashpolat and Pla, Filiberto and Latorre-Carmona, Pedro and
               Halik, {\"U}m{\"u}t and Sawut, Mamat and Caetano, Mario",
  journal   = "ISPRS journal of photogrammetry and remote sensing: official
               publication of the International Society for Photogrammetry and
               Remote Sensing",
  publisher = "Elsevier",
  volume    =  89,
  pages     = "59--66",
  year      =  2014,
  issn      = "0924-2716"
}

@ARTICLE{Curriero2002-wr,
  title     = "Temperature and Mortality in 11 Cities of the Eastern United
               States",
  author    = "Curriero, F C and Heiner, Karlyn S and Samet, Jonathan M and
               Zeger, Scott L and Strug, Lisa and Patz, Jonathan A",
  journal   = "American journal of epidemiology",
  publisher = "Oxford University Press",
  volume    =  155,
  number    =  1,
  pages     = "80--87",
  month     =  jan,
  year      =  2002,
  issn      = "0002-9262",
  doi       = "10.1093/aje/155.1.80"
}

@ARTICLE{Samet2000-se,
  title     = "Fine Particulate Air Pollution and Mortality in 20 {U.S}.
               Cities, 1987--1994",
  author    = "Samet, Jonathan M and Dominici, Francesca and Curriero, Frank C
               and Coursac, Ivan and Zeger, Scott L",
  journal   = "The New England journal of medicine",
  publisher = "Massachusetts Medical Society",
  volume    =  343,
  number    =  24,
  pages     = "1742--1749",
  month     =  dec,
  year      =  2000,
  issn      = "0028-4793",
  doi       = "10.1056/NEJM200012143432401"
}

@ARTICLE{Biljecki2017-df,
  title   = "Generating {3D} city models without elevation data",
  author  = "Biljecki, Filip and Ledoux, Hugo and Stoter, Jantien",
  journal = "Computers, environment and urban systems",
  volume  =  64,
  pages   = "1--18",
  year    =  2017,
  issn    = "0198-9715",
  doi     = "10.1016/j.compenvurbsys.2017.01.001"
}

@ARTICLE{Gronlund2015-au,
  title     = "Vulnerability to extreme heat by socio-demographic
               characteristics and area green space among the elderly in
               Michigan, 1990-2007",
  author    = "Gronlund, Carina J and Berrocal, Veronica J and White-Newsome,
               Jalonne L and Conlon, Kathryn C and O'Neill, Marie S",
  journal   = "Environmental research",
  publisher = "NIH Public Access",
  volume    =  136,
  pages     = "449--461",
  month     =  jan,
  year      =  2015,
  issn      = "0013-9351, 1096-0953",
  pmid      = "25460667",
  doi       = "10.1016/j.envres.2014.08.042"
}

@book{klinenberg2015heat,
  title={Heat wave: A social autopsy of disaster in Chicago},
  author={Klinenberg, Eric},
  year={2015},
  publisher={University of Chicago Press}
}

@article{ngdc2013version,
  title={Version 4 DMSP-OLS nighttime lights time series},
  author={NGDC, NOAA},
  journal={National Oceanic and Atmospheric Administration-National Geophysical Data Center},
  year={2013}
}

@article{bagan2018,
author = {Hasi Bagan and Habura Borjigin and Yoshiki Yamagata},
title ={Assessing nighttime lights for mapping the urban areas of 50 cities across the globe},
journal = {Environment and Planning B: Urban Analytics and City Science},
volume = {0},
number = {0},
pages = {2399808317752926},
year = {0},
doi = {10.1177/2399808317752926},
}

@Article{barsi2014,
AUTHOR = {Barsi, Julia A. and Lee, Kenton and Kvaran, Geir and Markham, Brian L. and Pedelty, Jeffrey A.},
TITLE = {The Spectral Response of the Landsat-8 Operational Land Imager},
JOURNAL = {Remote Sensing},
VOLUME = {6},
YEAR = {2014},
NUMBER = {10},
PAGES = {10232--10251},
URL = {http://www.mdpi.com/2072-4292/6/10/10232},
ISSN = {2072-4292},
DOI = {10.3390/rs61010232}
}


@ARTICLE{Bhatti2014-ae,
  title     = "Built-up area extraction using Landsat 8 {OLI} imagery",
  author    = "Bhatti, Saad Saleem and Tripathi, Nitin Kumar",
  journal   = "GIScience and Remote Sensing",
  publisher = "Taylor \& Francis",
  volume    =  51,
  number    =  4,
  pages     = "445--467",
  month     =  jul,
  year      =  2014,
  issn      = "1548-1603",
  doi       = "10.1080/15481603.2014.939539"
}


@ARTICLE{Smith2010-nw,
  title   = "The heat budget of the earth's surface deduced from space",
  author  = "Smith, R B",
  journal = "Yale University Center for Earth Observation: New Haven, CT, USA",
  year    =  2010
}

@ARTICLE{Liang2001-jd,
  title   = "Narrowband to broadband conversions of land surface albedo I:
             Algorithms",
  author  = "Liang, Shunlin",
  journal = "Remote sensing of environment",
  volume  =  76,
  number  =  2,
  pages   = "213--238",
  month   =  may,
  year    =  2001,
  issn    = "0034-4257",
  doi     = "10.1016/S0034-4257(00)00205-4"
}

@ARTICLE{Coulston2012-uu,
  title     = "Modeling percent tree canopy cover: a pilot study",
  author    = "Coulston, John W and Moisen, Gretchen G and Wilson, Barry T and
               Finco, Mark V and Cohen, Warren B and Brewer, C Kenneth and
               {Others}",
  journal   = "Photogrammetric Engineering and Remote Sensing",
  publisher = "American Society of Photogrammetry",
  volume    =  78,
  number    =  7,
  pages     = "715--727",
  year      =  2012
}

@ARTICLE{Xian2011-aa,
  title   = "Change of impervious surface area between 2001 and 2006 in the
             conterminous United States",
  author  = "Xian, George Z and Homer, Collin G and Dewitz, Jon and Fry, Joyce
             and Hossain, Nazmul and Wickham, James",
  journal = "Photogrammetric Engineering and Remote Sensing",
  volume  =  77,
  number  =  8,
  pages   = "758--762",
  year    =  2011
}

@ARTICLE{Homer2015-ce,
  title     = "Completion of the 2011 National Land Cover Database for the
               conterminous United States--representing a decade of land cover
               change information",
  author    = "Homer, C and Dewitz, J and Yang, L and Jin, S and {others}",
  journal   = "\& Remote Sensing",
  publisher = "researchgate.net",
  year      =  2015
}

@ARTICLE{Alipour2003-gb,
  title    = "Land surface temperature estimation from thermal band of landsat
              sensor, case study: Alashtar City",
  author   = "Alipour, T and Saradjian, M R and Esmaeily, A",
  volume   =  38,
  month    =  jul,
  year     =  2003
}

@ARTICLE{Matzarakis2007-xy,
  title     = "Modelling radiation fluxes in simple and complex
               environments---application of the {RayMan} model",
  author    = "Matzarakis, A and Rutz, F and Mayer, H",
  journal   = "International journal of biometeorology",
  publisher = "Springer",
  year      =  2007,
  issn      = "0020-7128"
}
